% This file was created with JabRef 2.9.2.
% Encoding: Cp1252

@ARTICLE{adomas2008comparative,
  author = {Adomas, A and Heller, G and Olson, {\AA} and Osborne, J and Karlsson,
	M and Nahalkova, J and Van Zyl, L and Sederoff, R and Stenlid, J
	and Finlay, R and others},
  title = {Comparative analysis of transcript abundance in Pinus sylvestris
	after challenge with a saprotrophic, pathogenic or mutualistic fungus},
  journal = {Tree Physiology},
  year = {2008},
  volume = {28},
  pages = {885--897},
  number = {6},
  publisher = {Oxford University Press}
}

@MISC{image2,
  author = {Battacharjee, J},
  title = {Atomic Force Microscope: Fundamental Principles },
  howpublished = {\url{http://de.slideshare.net/joybiitk/atomic-force-microscope-fundamental-principles}},
  note = {Accessed: 2016-07-05}
}

@ARTICLE{binnig1986atomic,
  author = {Binnig, G and Quate, CF and Gerber, C},
  title = {Atomic force microscope},
  journal = {Physical Review Letters},
  year = {1986},
  volume = {56},
  pages = {930},
  number = {9},
  publisher = {APS}
}

@ARTICLE{bird2007perceptions,
  author = {Bird, A},
  title = {Perceptions of epigenetics},
  journal = {Nature},
  year = {2007},
  volume = {447},
  pages = {396--398},
  number = {7143},
  publisher = {Nature Publishing Group}
}

@ARTICLE{brugal1977new,
  author = {Brugal, G and Chassery, JM},
  title = {[A new image-processing system designed for densitometry and pattern
	analysis of microscopic specimen. Application to the automated recognition
	and counting of cells in the various phases of the mitotic cycle
	(author's transl)]},
  journal = {Histochemistry},
  year = {1977},
  volume = {52},
  pages = {241--258},
  number = {3}
}

@ARTICLE{bussiek2007organisation,
  author = {Bussiek, Malte and M{\"u}ller, Gabriele and Waldeck, Waldemar and
	Diekmann, Stephan and Langowski, J{\"o}rg},
  title = {Organisation of nucleosomal arrays reconstituted with repetitive
	African green monkey $\alpha$-satellite DNA as analysed by atomic
	force microscopy},
  journal = {European Biophysics Journal},
  year = {2007},
  volume = {37},
  pages = {81--93},
  number = {1},
  owner = {Sarah},
  publisher = {Springer},
  timestamp = {2016.08.06}
}

@ARTICLE{bussiek2005dna,
  author = {Bussiek, M and Toth, K and Brun, N and Langowski, J},
  title = {DNA-loop formation on nucleosomes shown by in situ scanning force
	microscopy of supercoiled DNA},
  journal = {Journal of Molecular Biology},
  year = {2005},
  volume = {345},
  pages = {695--706},
  number = {4},
  publisher = {Elsevier}
}

@ARTICLE{cao2002role,
  author = {Cao, R and Wang, L and Wang, H and Xia, L and Erdjument-Bromage,
	H and Tempst, P and Jones, RS and Zhang, Y},
  title = {Role of histone H3 lysine 27 methylation in Polycomb-group silencing},
  journal = {Science},
  year = {2002},
  volume = {298},
  pages = {1039--1043},
  number = {5595},
  publisher = {American Association for the Advancement of Science}
}

@ARTICLE{cappella1999force,
  author = {Cappella, B and Dietler, G},
  title = {Force-distance curves by atomic force microscopy},
  journal = {Surface Science Reports},
  year = {1999},
  volume = {34},
  pages = {1--104},
  number = {1},
  publisher = {Elsevier}
}

@ARTICLE{cassina2016effects,
  author = {Cassina, V and Manghi, Manoel and Salerno, D and Tempestini, A and
	Iadarola, V and Nardo, L and Brioschi, S and Mantegazza, F},
  title = {Effects of cytosine methylation on DNA morphology: An atomic force
	microscopy study},
  journal = {Biochimica et Biophysica Acta (BBA)-General Subjects},
  year = {2016},
  volume = {1860},
  pages = {1--7},
  number = {1},
  publisher = {Elsevier}
}

@ARTICLE{chen2015expansion,
  author = {Chen, F and Tillberg, PW and Boyden, ES},
  title = {Expansion microscopy},
  journal = {Science},
  year = {2015},
  volume = {347},
  pages = {543--548},
  number = {6221},
  publisher = {American Association for the Advancement of Science}
}

@ARTICLE{cuozzo2007dna,
  author = {Cuozzo, C and Porcellini, A and Angrisano, T and Morano, A and Lee,
	B and Di Pardo, A and Messina, S and Iuliano, R and Fusco, A and
	Santillo, MR and others},
  title = {DNA damage, homology-directed repair, and DNA methylation},
  journal = {PLoS Genet},
  year = {2007},
  volume = {3},
  pages = {e110},
  number = {7},
  publisher = {Public Library of Science}
}

@ARTICLE{davey2002solvent,
  author = {Davey, Curt A and Sargent, David F and Luger, Karolin and Maeder,
	Armin W and Richmond, Timothy J},
  title = {Solvent mediated interactions in the structure of the nucleosome
	core particle at 1.9 {\AA} resolution},
  journal = {Journal of molecular biology},
  year = {2002},
  volume = {319},
  pages = {1097--1113},
  number = {5},
  owner = {Sarah},
  publisher = {Elsevier},
  timestamp = {2016.08.06}
}

@ARTICLE{dokukin2011towards,
  author = {Dokukin, ME and Guz, NV and Sokolov, I},
  title = {Towards nano-physiology of insects with atomic force microscopy},
  journal = {Journal of Insect Physiology},
  year = {2011},
  volume = {57},
  pages = {260--264},
  number = {2},
  publisher = {Elsevier}
}

@ARTICLE{dorst1987length,
  author = {Dorst, L and Smeulders, AWM},
  title = {Length estimators for digitized contours},
  journal = {Computer Vision, Graphics, and Image Processing},
  year = {1987},
  volume = {40},
  pages = {311--333},
  number = {3},
  publisher = {Elsevier}
}

@ARTICLE{evans2007forces,
  author = {Evans, EA and Calderwood, DA},
  title = {Forces and bond dynamics in cell adhesion},
  journal = {Science},
  year = {2007},
  volume = {316},
  pages = {1148--1153},
  number = {5828},
  publisher = {American Association for the Advancement of Science}
}

@ARTICLE{ficarra2005automated,
  author = {Ficarra, E and Benini, L and Macii, E and Zuccheri, G},
  title = {Automated DNA fragments recognition and sizing through AFM image
	processing},
  journal = {Information Technology in Biomedicine, IEEE Transactions on},
  year = {2005},
  volume = {9},
  pages = {508--517},
  number = {4},
  publisher = {IEEE}
}

@ARTICLE{ficarra2002automated,
  author = {Ficarra, E and Masotti, D and Benini, L and Milano, M and Bergia,
	A},
  title = {Automated DNA curvature profile reconstruction in atomic force microscope
	images},
  journal = {AI* IA Notizie},
  year = {2002},
  volume = {4},
  pages = {64--68},
  publisher = {Citeseer}
}

@ARTICLE{ficarra2005automatic,
  author = {Ficarra, E and Masotti, D and Macii, E and Benini, L and Zuccheri,
	G and Samor{\`\i}, B},
  title = {Automatic intrinsic DNA curvature computation from AFM images},
  journal = {IEEE Transactions on Biomedical Engineering},
  year = {2005},
  volume = {52},
  pages = {2074--2086},
  number = {12},
  publisher = {IEEE}
}

@ARTICLE{fischbach2001new,
  author = {Fischbach, E and Krause, DE and Mostepanenko, VM and Novello, M},
  title = {New constraints on ultrashort-ranged Yukawa interactions from atomic
	force microscopy},
  journal = {Physical Review D},
  year = {2001},
  volume = {64},
  pages = {075010},
  number = {7},
  publisher = {APS}
}

@ARTICLE{gonzales1987wintz,
  author = {Gonzales, CR},
  title = {Wintz P.: Digital Image Processing},
  journal = {Addison-Wesley Publishing Company},
  year = {1987},
  volume = {1},
  pages = {987}
}

@ARTICLE{gottschalk2009poly,
  author = {Gottschalk, AJ and Timinszky, G and Kong, SE and Jin, J and Cai,
	Y and Swanson, SK and Washburn, MP and Florens, L and Ladurner, AG
	and Conaway, JW and others},
  title = {Poly (ADP-ribosyl) ation directs recruitment and activation of an
	ATP-dependent chromatin remodeler},
  journal = {Proceedings of the National Academy of Sciences},
  year = {2009},
  volume = {106},
  pages = {13770--13774},
  number = {33},
  publisher = {National Acad Sciences}
}

@ARTICLE{hansen2010histone,
  author = {Hansen, JC and Nyborg, JK and Luger, K and Stargell, LA},
  title = {Histone chaperones, histone acetylation, and the fluidity of the
	chromogenome},
  journal = {Journal of Cellular Physiology},
  year = {2010},
  volume = {224},
  pages = {289--299},
  number = {2},
  publisher = {Wiley Online Library}
}

@ARTICLE{hinterdorfer2006detection,
  author = {Hinterdorfer, P and Dufr{\^e}ne, YF},
  title = {Detection and localization of single molecular recognition events
	using atomic force microscopy},
  journal = {Nature Methods},
  year = {2006},
  volume = {3},
  pages = {347--355},
  number = {5},
  publisher = {Nature Publishing Group}
}

@INPROCEEDINGS{hoffmann2001direct,
  author = {Hoffmann, PM and Oral, A and Grimble, RA and Jeffery, S and Pethica,
	JB and others},
  title = {Direct measurement of interatomic force gradients using an ultra-low-amplitude
	atomic force microscope},
  booktitle = {Proceedings of the Royal Society of London A: Mathematical, Physical
	and Engineering Sciences},
  year = {2001},
  volume = {457},
  number = {2009},
  pages = {1161--1174},
  organization = {The Royal Society}
}

@ARTICLE{japaridze2015influence,
  author = {Japaridze, A and Benke, A and Renevey, S and Benadiba, C and Dietler,
	G},
  title = {Influence of DNA Binding Dyes on Bare DNA Structure Studied with
	Atomic Force Microscopy},
  journal = {Macromolecules},
  year = {2015},
  volume = {48},
  pages = {1860--1865},
  number = {6},
  publisher = {ACS Publications}
}

@ARTICLE{jenuwein1998set,
  author = {Jenuwein, T and Laible, G and Dorn, R and Reuter, G},
  title = {SET domain proteins modulate chromatin domains in eu-and heterochromatin},
  journal = {Cellular and Molecular Life Sciences CMLS},
  year = {1998},
  volume = {54},
  pages = {80--93},
  number = {1},
  publisher = {Springer}
}

@ARTICLE{johnsonusing,
  author = {Johnson, WT},
  title = {Using AFM to Characterize DNA Microarrays}
}

@ARTICLE{kepert2003conformation,
  author = {Kepert, JF and T{\'o}th, KF and Caudron, M and M{\"u}cke, N and Langowski,
	J and Rippe, K},
  title = {Conformation of reconstituted mononucleosomes and effect of linker
	histone H1 binding studied by scanning force microscopy},
  journal = {Biophysical Journal},
  year = {2003},
  volume = {85},
  pages = {4012--4022},
  number = {6},
  publisher = {Elsevier}
}

@ARTICLE{kourmouli2004heterochromatin,
  author = {Kourmouli, N and Jeppesen, P and Mahadevhaiah, S and Burgoyne, P
	and Wu, R and Gilbert, DM and Bongiorni, S and Prantera, G and Fanti,
	L and Pimpinelli, S and others},
  title = {Heterochromatin and tri-methylated lysine 20 of histone H4 in animals},
  journal = {Journal of Cell Science},
  year = {2004},
  volume = {117},
  pages = {2491--2501},
  number = {12},
  publisher = {The Company of Biologists Ltd}
}

@ARTICLE{krogan2003paf1,
  author = {Krogan, NJ and Dover, J and Wood, A and Schneider, J and Heidt, J
	and Boateng, MA and Dean, K and Ryan, OW and Golshani, A and Johnston,
	M and others},
  title = {The Paf1 complex is required for histone H3 methylation by COMPASS
	and Dot1p: linking transcriptional elongation to histone methylation},
  journal = {Molecular Cell},
  year = {2003},
  volume = {11},
  pages = {721--729},
  number = {3},
  publisher = {Elsevier}
}

@ARTICLE{lam1992thinning,
  author = {Lam, L and Lee, SW and Suen, CY},
  title = {Thinning methodologies-a comprehensive survey},
  journal = {IEEE Transactions on Pattern Analysis and Machine Intelligence},
  year = {1992},
  volume = {14},
  pages = {869--885},
  number = {9},
  publisher = {IEEE Computer Society}
}

@ARTICLE{lang2004conducting,
  author = {Lang, KM and Hite, DA and Simmonds, RW and McDermott, R and Pappas,
	DP and Martinis, John M},
  title = {Conducting atomic force microscopy for nanoscale tunnel barrier characterization},
  journal = {Review of Scientific Instruments},
  year = {2004},
  volume = {75},
  pages = {2726--2731},
  number = {8},
  publisher = {AIP Publishing}
}

@ARTICLE{lin2007role,
  author = {Lin, JC and Jeong, S and Liang, G and Takai, D and Fatemi, M and
	Tsai, YC and Egger, G and Gal-Yam, EN and Jones, PA},
  title = {Role of nucleosomal occupancy in the epigenetic silencing of the
	MLH1 CpG island},
  journal = {Cancer Cell},
  year = {2007},
  volume = {12},
  pages = {432--444},
  number = {5},
  publisher = {Elsevier}
}

@MISC{linbo2013implementation,
  author = {Linbo, J},
  title = {Implementation of Zhang-Suen Thinning Algorithm for skeletonization},
  howpublished = {\url{https://github.com/linbojin/Skeletonization-by-Zhang-Suen-Thinning-Algorithm}},
  year = {2014},
  commit = {c778e7fb3cb4b55021fac50c719e4d6e5d9ec615},
  journal = {GitHub repository},
  publisher = {GitHub}
}

@ARTICLE{lohmueller2008synthesis,
  author = {Lohmueller, T and Bock, E and Spatz, JP},
  title = {Synthesis of Quasi-Hexagonal Ordered Arrays of Metallic Nanoparticles
	with Tuneable Particle Size},
  journal = {Advanced Materials},
  year = {2008},
  volume = {20},
  pages = {2297--2302},
  number = {12},
  publisher = {Wiley Online Library}
}

@ARTICLE{lorch1987nucleosomes,
  author = {Lorch, Y and LaPointe, JW and Kornberg, RD},
  title = {Nucleosomes inhibit the initiation of transcription but allow chain
	elongation with the displacement of histones},
  journal = {Cell},
  year = {1987},
  volume = {49},
  pages = {203--210},
  number = {2},
  publisher = {Elsevier}
}

@ARTICLE{lowary1998new,
  author = {Lowary, PT and Widom, Jonathan},
  title = {New DNA sequence rules for high affinity binding to histone octamer
	and sequence-directed nucleosome positioning},
  journal = {Journal of molecular biology},
  year = {1998},
  volume = {276},
  pages = {19--42},
  number = {1},
  owner = {Sarah},
  publisher = {Elsevier},
  timestamp = {2016.08.01}
}

@MISC{image11,
  author = {Guthold M},
  title = {AFM image of Lambda DNA},
  howpublished = {\url{http://users.wfu.edu/gutholdm/AFM%20imaging.html}},
  note = {Accessed: 2016-07-05}
}

@ARTICLE{marek2005interactive,
  author = {Marek, J and Demj{\'e}nov{\'a}, E and Tomori, Z and Jan{\'a}{\v{c}}ek,
	J and Zolotov{\'a}, I and Valle, F and Favre, M and Dietler, G},
  title = {Interactive measurement and characterization of DNA molecules by
	analysis of AFM images},
  journal = {Cytometry Part A},
  year = {2005},
  volume = {63},
  pages = {87--93},
  number = {2},
  publisher = {Wiley Online Library}
}

@ARTICLE{marino2005histone,
  author = {Mari{\~n}o-Ram{\'\i}rez, L and Kann, MG and Shoemaker, BA and Landsman,
	D},
  title = {Histone structure and nucleosome stability},
  journal = {Expert Review of Proteomics},
  year = {2005},
  volume = {2},
  pages = {719--729},
  number = {5},
  publisher = {Taylor \& Francis}
}

@INPROCEEDINGS{marturelliautomated,
  author = {Marturelli, LS and Achete, CA and Cidade, GAG},
  title = {Automated length measurement based on the Snake Model applied to
	nanoscience and nanotechnology},
  booktitle = {Proceedings of the XXXI. Congresso Nacional de Matem{\'a}tica Aplicada
	e Computacional},
  year = {2008},
  pages = {170--175},
  organization = {Sociedade Brasileira de Matem{\'a}atica Aplicada e Computacional}
}

@ARTICLE{mersfelder2006tale,
  author = {Mersfelder, EL and Parthun, MR},
  title = {The tale beyond the tail: histone core domain modifications and the
	regulation of chromatin structure},
  journal = {Nucleic Acids Research},
  year = {2006},
  volume = {34},
  pages = {2653--2662},
  number = {9},
  publisher = {Oxford Univ Press}
}

@ARTICLE{montel2007atomic,
  author = {Montel, F and Fontaine, E and St-Jean, P and Castelnovo, M and Faivre-Moskalenko,
	C},
  title = {Atomic force microscopy imaging of SWI/SNF action: mapping the nucleosome
	remodeling and sliding},
  journal = {Biophysical Journal},
  year = {2007},
  volume = {93},
  pages = {566--578},
  number = {2},
  owner = {Sarah},
  publisher = {Elsevier},
  timestamp = {2016.08.06}
}

@ARTICLE{nazarov2016afm,
  author = {Nazarov, I and Chekliarova, I and Rychkov, G and Ilatovskiy, AV and
	Crane-Robinson, C and Tomilin, A},
  title = {AFM studies in diverse ionic environments of nucleosomes reconstituted
	on the 601 positioning sequence},
  journal = {Biochimie},
  year = {2016},
  volume = {121},
  pages = {5--12},
  owner = {Sarah},
  publisher = {Elsevier},
  timestamp = {2016.08.06}
}

@ARTICLE{nishikawa2012selective,
  author = {Nishikawa, J and Ohyama, T},
  title = {Selective association between nucleosomes with identical DNA sequences},
  journal = {Nucleic Acids Research},
  year = {2012},
  pages = {gks1269},
  owner = {Sarah},
  publisher = {Oxford Univ Press},
  timestamp = {2016.08.06}
}

@ARTICLE{ozdemir2005characterization,
  author = {Ozdemir, A and Spicuglia, S and Lasonder, E and Vermeulen, M and
	Campsteijn, C and Stunnenberg, HG and Logie, C},
  title = {Characterization of lysine 56 of histone H3 as an acetylation site
	in Saccharomyces cerevisiae},
  journal = {Journal of Biological Chemistry},
  year = {2005},
  publisher = {ASBMB}
}

@ARTICLE{pan1991root,
  author = {Pan, WL and Bolton, RP},
  title = {Root quantification by edge discrimination using a desktop scanner},
  journal = {Agronomy Journal},
  year = {1991},
  volume = {83},
  pages = {1047--1052},
  number = {6},
  publisher = {American Society of Agronomy}
}

@ARTICLE{radmacher1997measuring,
  author = {Radmacher, M},
  title = {Measuring the elastic properties of biological samples with the AFM},
  journal = {IEEE Engineering in Medicine and Biology Magazine},
  year = {1997},
  volume = {16},
  pages = {47--57},
  number = {2},
  publisher = {IEEE}
}

@ARTICLE{ridler1978picture,
  author = {Ridler, TW and Calvard, S},
  title = {Picture thresholding using an iterative selection method},
  journal = {IEEE Trans Syst Man Cybern},
  year = {1978},
  volume = {8},
  pages = {630--632},
  number = {8}
}

@ARTICLE{rigotti2005quantitative,
  author = {Rigotti, DJ and Kokona, B and Horne, T and Acton, EK and Lederman,
	CD and Johnson, KA and Manning, RS and Kane, SA and Smith, WF and
	Fairman, R},
  title = {Quantitative atomic force microscopy image analysis of unusual filaments
	formed by the Acanthamoeba castellanii myosin II rod domain},
  journal = {Analytical Biochemistry},
  year = {2005},
  volume = {346},
  pages = {189--200},
  number = {2},
  publisher = {Elsevier}
}

@ARTICLE{rivetti2001accurate,
  author = {Rivetti, C and Codeluppi, S},
  title = {Accurate length determination of DNA molecules visualized by atomic
	force microscopy: evidence for a partial B-to A-form transition on
	mica},
  journal = {Ultramicroscopy},
  year = {2001},
  volume = {87},
  pages = {55--66},
  number = {1},
  publisher = {Elsevier}
}

@ARTICLE{russ1992image,
  author = {Russ, JC},
  title = {The image processing handbook, 1992},
  journal = {Boca Raton, FL: CRC},
  year = {1992}
}

@ARTICLE{sanchez2002accuracy,
  author = {Sanchez-Sevilla, A and Thimonier, J and Marilley, M and Rocca-Serra,
	J and Barbet, J},
  title = {Accuracy of AFM measurements of the contour length of DNA fragments
	adsorbed on mica in air and in aqueous buffer},
  journal = {Ultramicroscopy},
  year = {2002},
  volume = {92},
  pages = {151--158},
  number = {3},
  publisher = {Elsevier}
}

@ARTICLE{sato1999atomic,
  author = {Sato, Masa H and Ura, Kiyoe and Hohmura, Ken I and Tokumasu, Fuyuki
	and Yoshimura, Shige H and Hanaoka, Fumio and Takeyasu, Kunio},
  title = {Atomic force microscopy sees nucleosome positioning and histone H1-induced
	compaction in reconstituted chromatin},
  journal = {FEBS letters},
  year = {1999},
  volume = {452},
  pages = {267--271},
  number = {3},
  owner = {Sarah},
  publisher = {Wiley Online Library},
  timestamp = {2016.08.01}
}

@ARTICLE{sawan2010histone,
  author = {Sawan, C and Herceg, Z},
  title = {Histone modifications and cancer},
  journal = {Adv Genet},
  year = {2010},
  volume = {70},
  pages = {57--85}
}

@ARTICLE{schotta2004silencing,
  author = {Schotta, G and Lachner, M and Sarma, K and Ebert, A and Sengupta,
	R and Reuter, G and Reinberg, D and Jenuwein, T},
  title = {A silencing pathway to induce H3-K9 and H4-K20 trimethylation at
	constitutive heterochromatin},
  journal = {Genes \& Development},
  year = {2004},
  volume = {18},
  pages = {1251--1262},
  number = {11},
  publisher = {Cold Spring Harbor Lab}
}

@ARTICLE{sharma2008dna,
  author = {Sharma, Shantanu and Dokholyan, Nikolay V},
  title = {DNA sequence mediates nucleosome structure and stability},
  journal = {Biophysical journal},
  year = {2008},
  volume = {94},
  pages = {1--3},
  number = {1},
  owner = {Sarah},
  publisher = {Cell Press},
  timestamp = {2016.08.01}
}

@ARTICLE{spisz1998automated,
  author = {Spisz, MTS and Fang, Y and Reeves, RH and Seymour, CK and Bankman,
	IN and Hoh, JH},
  title = {Automated sizing of DNA fragments in atomic force microscope images},
  journal = {Medical and Biological Engineering and Computing},
  year = {1998},
  volume = {36},
  pages = {667--672},
  number = {6},
  publisher = {Springer}
}

@ARTICLE{strahl2002set2,
  author = {Strahl, BD and Grant, PA and Briggs, SD and Sun, Z and Bone, JR and
	Caldwell, JA and Mollah, S and Cook, RG and Shabanowitz, J and Hunt,
	DF and others},
  title = {Set2 is a nucleosomal histone H3-selective methyltransferase that
	mediates transcriptional repression},
  journal = {Molecular and Cellular Biology},
  year = {2002},
  volume = {22},
  pages = {1298--1306},
  number = {5},
  publisher = {Am Soc Microbiol}
}

@ARTICLE{sundstrom2012image,
  author = {Sundstrom, A and Cirrone, S and Paxia, S and Hsueh, C and Kjolby,
	R and Gimzewski, JK and Reed, J and Mishra, B},
  title = {Image analysis and length estimation of biomolecules using AFM},
  journal = {IEEE Transactions on Information Technology in Biomedicine},
  year = {2012},
  volume = {16},
  pages = {1200--1207},
  number = {6},
  publisher = {IEEE}
}

@ARTICLE{vossepoel1982vector,
  author = {Vossepoel, AM and Smeulders, AWM},
  title = {Vector code probability and metrication error in the representation
	of straight lines of finite length},
  journal = {Computer Graphics and Image Processing},
  year = {1982},
  volume = {20},
  pages = {347--364},
  number = {4},
  publisher = {Elsevier}
}

@ARTICLE{weszka1978survey,
  author = {Weszka, JS},
  title = {A survey of threshold selection techniques},
  journal = {Computer Graphics and Image Processing},
  year = {1978},
  volume = {7},
  pages = {259--265},
  number = {2},
  publisher = {Elsevier}
}

@ARTICLE{widiarti2011comparing,
  author = {Widiarti, AR},
  title = {Comparing Hilditch, Rosenfeld, Zhang-Suen, and Nagendraprasad-Wang-Gupta
	Thinning},
  journal = {World Academy of Science, Engineering and Technology, International
	Journal of Computer, Electrical, Automation, Control and Information
	Engineering},
  year = {2011},
  volume = {5},
  pages = {563--567},
  number = {6}
}

@ARTICLE{wiggins2006high,
  author = {Wiggins, PA and Van Der Heijden, T and Moreno-Herrero, F and Spakowitz,
	A and Phillips, R and Widom, J and Dekker, C and Nelson, PC},
  title = {High flexibility of DNA on short length scales probed by atomic force
	microscopy},
  journal = {Nature Nanotechnology},
  year = {2006},
  volume = {1},
  pages = {137--141},
  number = {2},
  publisher = {Nature Publishing Group}
}

@ARTICLE{willemsen2000biomolecular,
  author = {Willemsen, OH and Snel, MME and Cambi, A and Greve, J and De Grooth,
	BG and Figdor, CG},
  title = {Biomolecular interactions measured by atomic force microscopy},
  journal = {Biophysical Journal},
  year = {2000},
  volume = {79},
  pages = {3267--3281},
  number = {6},
  publisher = {Elsevier}
}

@ARTICLE{yang1994methods,
  author = {Yang, L and Albregtsen, F and L{\o}nnestad, T and Gr{\o}ttum, P},
  title = {Methods to estimate areas and perimeteres of blob-like objects: a
	comparison},
  year = {1994},
  owner = {Sarah},
  timestamp = {2016.07.12}
}

@ARTICLE{zhang1984fast,
  author = {Zhang, TY and Suen, Ching Y},
  title = {A fast parallel algorithm for thinning digital patterns},
  journal = {Communications of the ACM},
  year = {1984},
  volume = {27},
  pages = {236--239},
  number = {3},
  publisher = {ACM}
}

@MISC{image12,
  title = {Bruker Corporation: Bio Dynamics with Atomic Force Microscopes.},
  howpublished = {\url{https://www.bruker.com/products/surface-and-dimensional-analysis/atomic-force-microscopes/campaigns/bioafms-and-biological-applications/bio-dynamics-with-afm.html}},
  note = {Accessed: 2016-07-05}
}

@MISC{image3,
  title = {The Florida State University, Dennis Lab.},
  howpublished = {\url{http://chromatin.bio.fsu.edu/}},
  note = {Accessed: 2016-07-05}
}

