% This file was created with JabRef 2.9.2.
% Encoding: Cp1252

@article{adomas2008comparative,
  title={Comparative analysis of transcript abundance in Pinus sylvestris after challenge with a saprotrophic, pathogenic or mutualistic fungus},
  author={Adomas, A and Heller, G and Olson, {\AA} and Osborne, J and Karlsson, M and Nahalkova, J and Van Zyl, L and Sederoff, R and Stenlid, J and Finlay, R and others},
  journal={Tree Physiology},
  volume={28},
  number={6},
  pages={885--897},
  year={2008},
  publisher={Oxford University Press}
}
@misc{image2,
  title = {Atomic Force Microscope: Fundamental Principles },
  author ={Battacharjee, J},
  howpublished = {\url{http://de.slideshare.net/joybiitk/atomic-force-microscope-fundamental-principles}},
  note = {Accessed: 2016-07-05}
}

@ARTICLE{binnig1986atomic,
  author = {Binnig, G and Quate, CF and Gerber, C},
  title = {Atomic force microscope},
  journal = {Physical Review Letters},
  year = {1986},
  volume = {56},
  pages = {930},
  number = {9},
  publisher = {APS}
}

@ARTICLE{bird2007perceptions,
  author = {Bird, A},
  title = {Perceptions of epigenetics},
  journal = {Nature},
  year = {2007},
  volume = {447},
  pages = {396--398},
  number = {7143},
  publisher = {Nature Publishing Group}
}

@ARTICLE{brugal1977new,
  author = {Brugal, G and Chassery, JM},
  title = {[A new image-processing system designed for densitometry and pattern
	analysis of microscopic specimen. Application to the automated recognition
	and counting of cells in the various phases of the mitotic cycle
	(author's transl)]},
  journal = {Histochemistry},
  year = {1977},
  volume = {52},
  pages = {241--258},
  number = {3}
}

@article{bussiek2005dna,
  title={DNA-loop formation on nucleosomes shown by in situ scanning force microscopy of 	  supercoiled DNA},
  author={Bussiek, M and Toth, K and Brun, N and Langowski, J},
  journal={Journal of Molecular Biology},
  volume={345},
  number={4},
  pages={695--706},
  year={2005},
  publisher={Elsevier}
}


@article{cao2002role,
  title={Role of histone H3 lysine 27 methylation in Polycomb-group silencing},
  author={Cao, R and Wang, L and Wang, H and Xia, L and Erdjument-Bromage, H and Tempst, 
  P and Jones, RS and Zhang, Y},
  journal={Science},
  volume={298},
  number={5595},
  pages={1039--1043},
  year={2002},
  publisher={American Association for the Advancement of Science}
}

@ARTICLE{cappella1999force,
  author = {Cappella, B and Dietler, G},
  title = {Force-distance curves by atomic force microscopy},
  journal = {Surface Science Reports},
  year = {1999},
  volume = {34},
  pages = {1--104},
  number = {1},
  publisher = {Elsevier}
}

@ARTICLE{cassina2016effects,
  author = {Cassina, V and Manghi, Manoel and Salerno, D and Tempestini, A and
	Iadarola, V and Nardo, L and Brioschi, S and Mantegazza, F},
  title = {Effects of cytosine methylation on DNA morphology: An atomic force
	microscopy study},
  journal = {Biochimica et Biophysica Acta (BBA)-General Subjects},
  year = {2016},
  volume = {1860},
  pages = {1--7},
  number = {1},
  publisher = {Elsevier}
}

@article{chen2015expansion,
  title={Expansion microscopy},
  author={Chen, F and Tillberg, PW and Boyden, ES},
  journal={Science},
  volume={347},
  number={6221},
  pages={543--548},
  year={2015},
  publisher={American Association for the Advancement of Science}
}

@ARTICLE{cuozzo2007dna,
  author = {Cuozzo, C and Porcellini, A and Angrisano, T and
	Morano, A and Lee, B and Di Pardo, A and Messina,
	S and Iuliano, R and Fusco, A and Santillo, MR and others},
  title = {DNA damage, homology-directed repair, and DNA methylation},
  journal = {PLoS Genet},
  year = {2007},
  volume = {3},
  pages = {e110},
  number = {7},
  publisher = {Public Library of Science}
}

@article{dokukin2011towards,
  title={Towards nano-physiology of insects with atomic force microscopy},
  author={Dokukin, ME and Guz, NV and Sokolov, I},
  journal={Journal of Insect Physiology},
  volume={57},
  number={2},
  pages={260--264},
  year={2011},
  publisher={Elsevier}
}

@ARTICLE{evans2007forces,
  author = {Evans, EA and Calderwood, DA},
  title = {Forces and bond dynamics in cell adhesion},
  journal = {Science},
  year = {2007},
  volume = {316},
  pages = {1148--1153},
  number = {5828},
  publisher = {American Association for the Advancement of Science}
}

@ARTICLE{ficarra2005automated,
  author = {Ficarra, E and Benini, L and Macii, E and Zuccheri, G},
  title = {Automated DNA fragments recognition and sizing through AFM image
	processing},
  journal = {Information Technology in Biomedicine, IEEE Transactions on},
  year = {2005},
  volume = {9},
  pages = {508--517},
  number = {4},
  publisher = {IEEE}
}

@ARTICLE{ficarra2002automated,
  author = {Ficarra, E and Masotti, D and Benini, L and Milano,
	M and Bergia, A},
  title = {Automated DNA curvature profile reconstruction in atomic force microscope
	images},
  journal = {AI* IA Notizie},
  year = {2002},
  volume = {4},
  pages = {64--68},
  publisher = {Citeseer}
}

@ARTICLE{ficarra2005automatic,
  author = {Ficarra, E and Masotti, D and Macii, E and Benini,
	L and Zuccheri, G and Samor{\`\i}, B},
  title = {Automatic intrinsic DNA curvature computation from AFM images},
  journal = {IEEE Transactions on Biomedical Engineering},
  year = {2005},
  volume = {52},
  pages = {2074--2086},
  number = {12},
  publisher = {IEEE}
}

@ARTICLE{fischbach2001new,
  author = {Fischbach, E and Krause, DE and Mostepanenko, VM and Novello,
	M},
  title = {New constraints on ultrashort-ranged Yukawa interactions from atomic
	force microscopy},
  journal = {Physical Review D},
  year = {2001},
  volume = {64},
  pages = {075010},
  number = {7},
  publisher = {APS}
}

@ARTICLE{gonzales1987wintz,
  author = {Gonzales, CR},
  title = {Wintz P.: Digital Image Processing},
  journal = {Addison-Wesley Publishing Company},
  year = {1987},
  volume = {1},
  pages = {987}
}

@ARTICLE{gottschalk2009poly,
  author = {Gottschalk, AJ and Timinszky, G and Kong, SE and
	Jin, J and Cai, Y and Swanson, SK and Washburn, MP and Florens, L and Ladurner, AG and Conaway, JW and others},
  title = {Poly (ADP-ribosyl) ation directs recruitment and activation of an
	ATP-dependent chromatin remodeler},
  journal = {Proceedings of the National Academy of Sciences},
  year = {2009},
  volume = {106},
  pages = {13770--13774},
  number = {33},
  publisher = {National Acad Sciences}
}

@misc{image11,
  title = {AFM image of Lambda DNA},
  author = {Guthold M},
  howpublished = {\url{http://users.wfu.edu/gutholdm/AFM%20imaging.html}},
  note = {Accessed: 2016-07-05}
}
@article{hansen2010histone,
  title={Histone chaperones, histone acetylation, and the fluidity of the chromogenome},
  author={Hansen, JC and Nyborg, JK and Luger, K and Stargell, LA},
  journal={Journal of Cellular Physiology},
  volume={224},
  number={2},
  pages={289--299},
  year={2010},
  publisher={Wiley Online Library}
}

@ARTICLE{hinterdorfer2006detection,
  author = {Hinterdorfer, P and Dufr{\^e}ne, YF},
  title = {Detection and localization of single molecular recognition events
	using atomic force microscopy},
  journal = {Nature Methods},
  year = {2006},
  volume = {3},
  pages = {347--355},
  number = {5},
  publisher = {Nature Publishing Group}
}

@INPROCEEDINGS{hoffmann2001direct,
  author = {Hoffmann, PM and Oral, A and Grimble, RA and Jeffery,
	S and Pethica, JB and others},
  title = {Direct measurement of interatomic force gradients using an ultra-low-amplitude
	atomic force microscope},
  booktitle = {Proceedings of the Royal Society of London A: Mathematical, Physical
	and Engineering Sciences},
  year = {2001},
  volume = {457},
  number = {2009},
  pages = {1161--1174},
  organization = {The Royal Society}
}


@article{japaridze2015influence,
  title={Influence of DNA Binding Dyes on Bare DNA Structure Studied with Atomic Force Microscopy},
  author={Japaridze, A and Benke, A and Renevey, S and Benadiba, C and Dietler, G},
  journal={Macromolecules},
  volume={48},
  number={6},
  pages={1860--1865},
  year={2015},
  publisher={ACS Publications}
}


@ARTICLE{jenuwein1998set,
  author = {Jenuwein, T and Laible, G and Dorn, R and Reuter, G},
  title = {SET domain proteins modulate chromatin domains in eu-and heterochromatin},
  journal = {Cellular and Molecular Life Sciences CMLS},
  year = {1998},
  volume = {54},
  pages = {80--93},
  number = {1},
  publisher = {Springer}
}

@ARTICLE{johnsonusing,
  author = {Johnson, WT},
  title = {Using AFM to Characterize DNA Microarrays}
}

@article{kepert2003conformation,
  title={Conformation of reconstituted mononucleosomes and effect of linker histone H1 binding studied by scanning force microscopy},
  author={Kepert, JF and T{\'o}th, KF and Caudron, M and M{\"u}cke, N and Langowski, J and Rippe, K},
  journal={Biophysical Journal},
  volume={85},
  number={6},
  pages={4012--4022},
  year={2003},
  publisher={Elsevier}
}


@article{kourmouli2004heterochromatin,
  title={Heterochromatin and tri-methylated lysine 20 of histone H4 in animals},
  author={Kourmouli, N and Jeppesen, P and Mahadevhaiah, S and Burgoyne, P and Wu, R and Gilbert, DM and Bongiorni, S and Prantera, G and Fanti, L and Pimpinelli, S and others},
  journal={Journal of Cell Science},
  volume={117},
  number={12},
  pages={2491--2501},
  year={2004},
  publisher={The Company of Biologists Ltd}
}

@article{krogan2003paf1,
  title={The Paf1 complex is required for histone H3 methylation by COMPASS and Dot1p: linking transcriptional elongation to histone methylation},
  author={Krogan, NJ and Dover, J and Wood, A and Schneider, J and Heidt, J and Boateng, MA and Dean, K and Ryan, OW and Golshani, A and Johnston, M and others},
  journal={Molecular Cell},
  volume={11},
  number={3},
  pages={721--729},
  year={2003},
  publisher={Elsevier}
}

@ARTICLE{lam1992thinning,
  author = {Lam, L and Lee, SW and Suen, CY},
  title = {Thinning methodologies-a comprehensive survey},
  journal = {IEEE Transactions on Pattern Analysis and Machine Intelligence},
  year = {1992},
  volume = {14},
  pages = {869--885},
  number = {9},
  publisher = {IEEE Computer Society}
}

@ARTICLE{lang2004conducting,
  author = {Lang, KM and Hite, DA and Simmonds, RW and McDermott, R and Pappas,
	DP and Martinis, John M},
  title = {Conducting atomic force microscopy for nanoscale tunnel barrier characterization},
  journal = {Review of Scientific Instruments},
  year = {2004},
  volume = {75},
  pages = {2726--2731},
  number = {8},
  publisher = {AIP Publishing}
}

@article{lin2007role,
  title={Role of nucleosomal occupancy in the epigenetic silencing of the MLH1 CpG island},
  author={Lin, JC and Jeong, S and Liang, G and Takai, D and Fatemi, M and Tsai, YC and Egger, G and Gal-Yam, EN and Jones, PA},
  journal={Cancer Cell},
  volume={12},
  number={5},
  pages={432--444},
  year={2007},
  publisher={Elsevier}
}

@ARTICLE{lohmueller2008synthesis,
  author = {Lohmueller, T and Bock, E and Spatz, JP},
  title = {Synthesis of Quasi-Hexagonal Ordered Arrays of Metallic Nanoparticles
	with Tuneable Particle Size},
  journal = {Advanced Materials},
  year = {2008},
  volume = {20},
  pages = {2297--2302},
  number = {12},
  publisher = {Wiley Online Library}
}

@ARTICLE{lorch1987nucleosomes,
  author = {Lorch, Y and LaPointe, JW and Kornberg, RD},
  title = {Nucleosomes inhibit the initiation of transcription but allow chain
	elongation with the displacement of histones},
  journal = {Cell},
  year = {1987},
  volume = {49},
  pages = {203--210},
  number = {2},
  publisher = {Elsevier}
}

@ARTICLE{marek2005interactive,
  author = {Marek, J and Demj{\'e}nov{\'a}, E and Tomori, Z and Jan{\'a}{\v{c}}ek,
	J and Zolotov{\'a}, I and Valle, F and Favre, M and Dietler, G},
  title = {Interactive measurement and characterization of DNA molecules by
	analysis of AFM images},
  journal = {Cytometry Part A},
  year = {2005},
  volume = {63},
  pages = {87--93},
  number = {2},
  publisher = {Wiley Online Library}
}

@ARTICLE{marino2005histone,
  author = {Mari{\~n}o-Ram{\'\i}rez, L and Kann, MG and Shoemaker, BA and Landsman,
	D},
  title = {Histone structure and nucleosome stability},
  journal = {Expert Review of Proteomics},
  year = {2005},
  volume = {2},
  pages = {719--729},
  number = {5},
  publisher = {Taylor \& Francis}
}

@INPROCEEDINGS{marturelliautomated,
  author = {Marturelli, LS and Achete, CA and Cidade, GAG},
  title = {Automated length measurement based on the Snake Model applied to
  nanoscience and nanotechnology},
  booktitle={Proceedings of the XXXI. Congresso Nacional de Matem{\'a}tica Aplicada e Computacional},
  year = {2008},
  pages = {170--175},
  organization ={Sociedade Brasileira de Matem{\'a}atica Aplicada e Computacional}
}


@ARTICLE{mersfelder2006tale,
  author = {Mersfelder, EL and Parthun, MR},
  title = {The tale beyond the tail: histone core domain modifications and the
	regulation of chromatin structure},
  journal = {Nucleic Acids Research},
  year = {2006},
  volume = {34},
  pages = {2653--2662},
  number = {9},
  publisher = {Oxford Univ Press}
}

@ARTICLE{ozdemir2005characterization,
  author = {Ozdemir, A and Spicuglia, S and Lasonder, E and Vermeulen, M and
	Campsteijn, C and Stunnenberg, HG and Logie, C},
  title = {Characterization of lysine 56 of histone H3 as an acetylation site
	in Saccharomyces cerevisiae},
  journal = {Journal of Biological Chemistry},
  year = {2005},
  publisher = {ASBMB}
}

@ARTICLE{radmacher1997measuring,
  author = {Radmacher, M},
  title = {Measuring the elastic properties of biological samples with the AFM},
  journal = {IEEE Engineering in Medicine and Biology Magazine},
  year = {1997},
  volume = {16},
  pages = {47--57},
  number = {2},
  publisher = {IEEE}
}

@ARTICLE{ridler1978picture,
  author = {Ridler, TW and Calvard, S},
  title = {Picture thresholding using an iterative selection method},
  journal = {IEEE Trans Syst Man Cybern},
  year = {1978},
  volume = {8},
  pages = {630--632},
  number = {8}
}

@ARTICLE{rigotti2005quantitative,
  author = {Rigotti, DJ and Kokona, B and Horne, T and Acton, EK and Lederman,
	CD and Johnson, KA and Manning, RS and Kane, SA and Smith, WF and
	Fairman, R},
  title = {Quantitative atomic force microscopy image analysis of unusual filaments
	formed by the Acanthamoeba castellanii myosin II rod domain},
  journal = {Analytical Biochemistry},
  year = {2005},
  volume = {346},
  pages = {189--200},
  number = {2},
  publisher = {Elsevier}
}

@ARTICLE{rivetti2001accurate,
  author = {Rivetti, C and Codeluppi, S},
  title = {Accurate length determination of DNA molecules visualized by atomic
	force microscopy: evidence for a partial B-to A-form transition on
	mica},
  journal = {Ultramicroscopy},
  year = {2001},
  volume = {87},
  pages = {55--66},
  number = {1},
  publisher = {Elsevier}
}

@ARTICLE{russ1992image,
  author = {Russ, JC},
  title = {The image processing handbook, 1992},
  journal = {Boca Raton, FL: CRC},
  year = {1992}
}

@ARTICLE{sanchez2002accuracy,
  author = {Sanchez-Sevilla, A and Thimonier, J and Marilley, M and Rocca-Serra,
	J and Barbet, J},
  title = {Accuracy of AFM measurements of the contour length of DNA fragments
	adsorbed on mica in air and in aqueous buffer},
  journal = {Ultramicroscopy},
  year = {2002},
  volume = {92},
  pages = {151--158},
  number = {3},
  publisher = {Elsevier}
}

@ARTICLE{sawan2010histone,
  author = {Sawan, C and Herceg, Z},
  title = {Histone modifications and cancer},
  journal = {Adv Genet},
  year = {2010},
  volume = {70},
  pages = {57--85}
}

@ARTICLE{schotta2004silencing,
  author = {Schotta, G and Lachner, M and Sarma, K and Ebert, A and Sengupta,
	R and Reuter, G and Reinberg, D and Jenuwein, T},
  title = {A silencing pathway to induce H3-K9 and H4-K20 trimethylation at
	constitutive heterochromatin},
  journal = {Genes \& Development},
  year = {2004},
  volume = {18},
  pages = {1251--1262},
  number = {11},
  publisher = {Cold Spring Harbor Lab}
}

@ARTICLE{spisz1998automated,
  author = {Spisz, MTS and Fang, Y and Reeves, RH and Seymour, CK and Bankman,
	IN and Hoh, JH},
  title = {Automated sizing of DNA fragments in atomic force microscope images},
  journal = {Medical and Biological Engineering and Computing},
  year = {1998},
  volume = {36},
  pages = {667--672},
  number = {6},
  publisher = {Springer}
}

@ARTICLE{strahl2002set2,
  author = {Strahl, BD and Grant, PA and Briggs, SD and Sun, Z and Bone, JR and
	Caldwell, JA and Mollah, S and Cook, RG and Shabanowitz, J and Hunt,
	DF and others},
  title = {Set2 is a nucleosomal histone H3-selective methyltransferase that
	mediates transcriptional repression},
  journal = {Molecular and Cellular Biology},
  year = {2002},
  volume = {22},
  pages = {1298--1306},
  number = {5},
  publisher = {Am Soc Microbiol}
}

@ARTICLE{sundstrom2012image,
  author = {Sundstrom, A and Cirrone, S and Paxia, S and Hsueh, C and Kjolby,
	R and Gimzewski, JK and Reed, J and Mishra, B},
  title = {Image analysis and length estimation of biomolecules using AFM},
  journal = {IEEE Transactions on Information Technology in Biomedicine},
  year = {2012},
  volume = {16},
  pages = {1200--1207},
  number = {6},
  publisher = {IEEE}
}

@ARTICLE{vossepoel1982vector,
  author = {Vossepoel, AM and Smeulders, AWM},
  title = {Vector code probability and metrication error in the representation
	of straight lines of finite length},
  journal = {Computer Graphics and Image Processing},
  year = {1982},
  volume = {20},
  pages = {347--364},
  number = {4},
  publisher = {Elsevier}
}

@ARTICLE{weszka1978survey,
  author = {Weszka, JS},
  title = {A survey of threshold selection techniques},
  journal = {Computer Graphics and Image Processing},
  year = {1978},
  volume = {7},
  pages = {259--265},
  number = {2},
  publisher = {Elsevier}
}

@ARTICLE{widiarti2011comparing,
  author = {Widiarti, AR},
  title = {Comparing Hilditch, Rosenfeld, Zhang-Suen, and Nagendraprasad-Wang-Gupta
	Thinning},
  journal = {World Academy of Science, Engineering and Technology, International
	Journal of Computer, Electrical, Automation, Control and Information
	Engineering},
  year = {2011},
  volume = {5},
  pages = {563--567},
  number = {6}
}

@ARTICLE{wiggins2006high,
  author = {Wiggins, PA and Van Der Heijden, T and Moreno-Herrero, F and Spakowitz,
	A and Phillips, R and Widom, J and Dekker, C and Nelson, PC},
  title = {High flexibility of DNA on short length scales probed by atomic force
	microscopy},
  journal = {Nature Nanotechnology},
  year = {2006},
  volume = {1},
  pages = {137--141},
  number = {2},
  publisher = {Nature Publishing Group}
}

@ARTICLE{willemsen2000biomolecular,
  author = {Willemsen, OH and Snel, MME and Cambi, A and Greve, J and De Grooth,
	BG and Figdor, CG},
  title = {Biomolecular interactions measured by atomic force microscopy},
  journal = {Biophysical Journal},
  year = {2000},
  volume = {79},
  pages = {3267--3281},
  number = {6},
  publisher = {Elsevier}
}

@ARTICLE{yang1994methods,
  author = {Yang, L and Albregtsen, F and L{\o}nnestad, T and Gr{\o}ttum,
	P},
  title = {Methods to estimate areas and perimeteres of blob-like objects: a
	comparison},
  year = {1994},
  owner = {Sarah},
  timestamp = {2016.07.12}
}

@ARTICLE{zhang1984fast,
  author = {Zhang, TY and Suen, Ching Y},
  title = {A fast parallel algorithm for thinning digital patterns},
  journal = {Communications of the ACM},
  year = {1984},
  volume = {27},
  pages = {236--239},
  number = {3},
  publisher = {ACM}
}

@MISC{image12,
  title = {Bruker Corporation: Bio Dynamics with Atomic Force Microscopes.},
  howpublished = {\url{https://www.bruker.com/products/surface-and-dimensional-analysis/atomic-force-microscopes/campaigns/bioafms-and-biological-applications/bio-dynamics-with-afm.html}},
  note = {Accessed: 2016-07-05}
}

@MISC{image3,
  title = {The Florida State University, Dennis Lab.},
  howpublished = {\url{http://chromatin.bio.fsu.edu/}},
  note = {Accessed: 2016-07-05}
}

@article{pan1991root,
  title={Root quantification by edge discrimination using a desktop scanner},
  author={Pan, WL and Bolton, RP},
  journal={Agronomy Journal},
  volume={83},
  number={6},
  pages={1047--1052},
  year={1991},
  publisher={American Society of Agronomy}
}

 

@article{dorst1987length,
  title={Length estimators for digitized contours},
  author={Dorst, L and Smeulders, AWM},
  journal={Computer Vision, Graphics, and Image Processing},
  volume={40},
  number={3},
  pages={311--333},
  year={1987},
  publisher={Elsevier}
}

@misc{linbo2013implementation,
  author = {Linbo, J},
  title = {Implementation of Zhang-Suen Thinning Algorithm for skeletonization},
  year = {2014},
  publisher = {GitHub},
  journal = {GitHub repository},
  howpublished = {\url{https://github.com/linbojin/Skeletonization-by-Zhang-Suen-Thinning-Algorithm}},
  commit = {c778e7fb3cb4b55021fac50c719e4d6e5d9ec615}
}

@article{ipol.2011.bcm_nlm,
	title   = {{Non-Local Means Denoising}},
	author  = {Buades, Antoni and Coll, Bartomeu and Morel, Jean-Michel},
	journal = {{Image Processing On Line}},
	volume  = {1},
	year    = {2011},
	doi     = {10.5201/ipol.2011.bcm_nlm},
}

@misc{itseez2016opencvlib,
	title={{Open Source Computer Vision Library}},
	author={Itseez},
	year={2016},
	howpublished = {\url{https://github.com/itseez/opencv}}
}
@manual{itseez2016opencvman,
	title = {{The OpenCV Reference Manual}},
	organization = {{Itseez}},
	edition = {2.4.13.0},
	month = {May},
	year = {2016},
	notes = {See \url{http://opencv.org/}}
}
@misc{opencvInterfaceSupport,
	title={{OpenCV Interface Support}},
	year={2016},
	howpublished = {\url{http://de.mathworks.com/help/vision/opencv-interface-support-package.html}}
}
